<record><leader>00000cas a22000007a 4500</leader><controlfield tag="001">13315584</controlfield><controlfield tag="008">860320d18691871txuir ne      0    0eng  </controlfield><controlfield tag="009">466</controlfield><datafield ind1=" " ind2=" " tag="010"><subfield code="a">sn 86071228 </subfield></datafield><datafield ind1=" " ind2=" " tag="040"><subfield code="a">DLC</subfield><subfield code="b">eng</subfield><subfield code="c">DLC</subfield><subfield code="d">PPM</subfield><subfield code="d">DLC</subfield><subfield code="d">OCLCQ</subfield><subfield code="d">DLC</subfield><subfield code="d">OCLCF</subfield></datafield><datafield ind1="1" ind2=" " tag="029"><subfield code="a">AU@</subfield><subfield code="b">000026225873</subfield></datafield><datafield ind1=" " ind2=" " tag="042"><subfield code="a">msc</subfield></datafield><datafield ind1="0" ind2="0" tag="050"><subfield code="a">Newspaper</subfield></datafield><datafield ind1="0" ind2="4" tag="245"><subfield code="a">The Tri-weekly Houston union.</subfield></datafield><datafield ind1="1" ind2="3" tag="246"><subfield code="a">Triweekly union</subfield></datafield><datafield ind1="1" ind2="3" tag="246"><subfield code="a">Houston union</subfield></datafield><datafield ind1="3" ind2="0" tag="246"><subfield code="a">Triweekly Houston union</subfield></datafield><datafield ind1=" " ind2=" " tag="260"><subfield code="a">Houston, Tex. :</subfield><subfield code="b">J.G. Tracy &amp; E.H. Quick,</subfield><subfield code="c">1869-</subfield></datafield><datafield ind1=" " ind2=" " tag="300"><subfield code="a">v. ;</subfield><subfield code="c">65 cm.</subfield></datafield><datafield ind1=" " ind2=" " tag="310"><subfield code="a">Triweekly</subfield></datafield><datafield ind1="1" ind2=" " tag="362"><subfield code="a">Vol. 2, no. 29 (Nov. 20, 1869)-</subfield></datafield><datafield ind1="1" ind2=" " tag="362"><subfield code="a">Ceased in June 1871.</subfield></datafield><datafield ind1=" " ind2=" " tag="530"><subfield code="a">Also on microfilm: Austin, Texas: The University of Texas, Center for American History.</subfield></datafield><datafield ind1=" " ind2=" " tag="588"><subfield code="a">Latest issue consulted: Vol. 2, no. 27 (Nov. 13, 1869).</subfield></datafield><datafield ind1=" " ind2="0" tag="651"><subfield code="a">Houston (Tex.)</subfield><subfield code="v">Newspapers.</subfield></datafield><datafield ind1=" " ind2="7" tag="655"><subfield code="a">Newspapers.</subfield><subfield code="2">fast</subfield><subfield code="0">(OCoLC)fst01423814</subfield></datafield><datafield ind1=" " ind2="7" tag="651"><subfield code="a">Texas</subfield><subfield code="z">Houston.</subfield><subfield code="2">fast</subfield><subfield code="0">(OCoLC)fst01205077</subfield></datafield><datafield ind1=" " ind2=" " tag="752"><subfield code="a">United States</subfield><subfield code="b">Texas</subfield><subfield code="c">Harris</subfield><subfield code="d">Houston.</subfield></datafield><datafield ind1="0" ind2=" " tag="775"><subfield code="t">Houston weekly union</subfield><subfield code="w">(DLC)sn 85033361</subfield><subfield code="w">(OCoLC)11900835</subfield></datafield><datafield ind1="0" ind2=" " tag="775"><subfield code="t">Daily union (Houston, Tex.)</subfield><subfield code="w">(DLC)  2011219051</subfield><subfield code="w">(OCoLC)758000245</subfield></datafield><datafield ind1="0" ind2=" " tag="775"><subfield code="t">Houston daily union</subfield><subfield code="w">(DLC)sn 86071226</subfield><subfield code="w">(OCoLC)13312965</subfield></datafield><datafield ind1="0" ind2="0" tag="780"><subfield code="t">Houston union (Houston, Tex. : 1869)</subfield><subfield code="w">(DLC)sn 86071229</subfield><subfield code="w">(OCoLC)13315644</subfield></datafield></record>